@ARTICLE{douglas1900,
	author = {Douglas Knight, Hadschi Ad, Dimitri Gorbatschow},
	title = {how to produce a good citation},
	journal = {HeidiTECH},
	year = 1900,
	volume = 156,
	pages = 1000,
}

